<record><leader>00000cas a22000007a 4500</leader><controlfield tag="001">11887583</controlfield><controlfield tag="008">850404c19029999mtuwr ne      0   a0eng d</controlfield><datafield ind1=" " ind2=" " tag="010"><subfield code="a">sn 85053089 </subfield></datafield><datafield ind1=" " ind2=" " tag="040"><subfield code="a">MTL</subfield><subfield code="b">eng</subfield><subfield code="c">MTL</subfield><subfield code="d">OCLCQ</subfield><subfield code="d">DLC</subfield><subfield code="d">OCLCF</subfield></datafield><datafield ind1="0" ind2=" " tag="022"><subfield code="a">2332-9688</subfield><subfield code="2">1</subfield></datafield><datafield ind1="1" ind2=" " tag="029"><subfield code="a">AU@</subfield><subfield code="b">000025791811</subfield></datafield><datafield ind1=" " ind2=" " tag="042"><subfield code="a">msc</subfield><subfield code="a">nsdp</subfield></datafield><datafield ind1=" " ind2=" " tag="043"><subfield code="a">n-us-mt</subfield></datafield><datafield ind1="0" ind2="0" tag="050"><subfield code="a">Newspaper</subfield></datafield><datafield ind1="0" ind2="0" tag="082"><subfield code="a">071</subfield><subfield code="2">23</subfield></datafield><datafield ind1="0" ind2=" " tag="130"><subfield code="a">Searchlight (Culbertson, Mont.)</subfield></datafield><datafield ind1=" " ind2="4" tag="222"><subfield code="a">The searchlight</subfield><subfield code="b">(Culbertson, Mont. Print)</subfield></datafield><datafield ind1="1" ind2="4" tag="245"><subfield code="a">The searchlight.</subfield></datafield><datafield ind1="3" ind2="0" tag="246"><subfield code="a">Culbertson searchlight</subfield></datafield><datafield ind1="3" ind2="0" tag="246"><subfield code="a">Searchlight and Culbertson Republican</subfield></datafield><datafield ind1=" " ind2=" " tag="260"><subfield code="a">Culbertson, Mont. :</subfield><subfield code="b">F.S. Reed,</subfield><subfield code="c">1902-</subfield></datafield><datafield ind1=" " ind2=" " tag="300"><subfield code="a">v. :</subfield><subfield code="b">ill. ;</subfield><subfield code="c">43-50 cm.</subfield></datafield><datafield ind1=" " ind2=" " tag="310"><subfield code="a">Weekly</subfield></datafield><datafield ind1="0" ind2=" " tag="362"><subfield code="a">Vol. 1, no. 1 (Apr. 24, 1902)-</subfield></datafield><datafield ind1=" " ind2=" " tag="500"><subfield code="a">"Republican." Cf. Montana newspaper directories.</subfield></datafield><datafield ind1=" " ind2=" " tag="500"><subfield code="a">"Official paper of Valley County," June 15-Dec. 1, 1904; "official paper of Sheridan County," June 12, 1914-June 4, 1915; official paper of Roosevelt County, Jan. 24, 1936-Feb. 16, 1940.</subfield></datafield><datafield ind1=" " ind2=" " tag="530"><subfield code="a">Archived issues are available in digital format as part of the Library of Congress Chronicling America online collection.</subfield></datafield><datafield ind1=" " ind2=" " tag="515"><subfield code="a">Suspended: Aug. 6-Oct. 1, 1942.</subfield></datafield><datafield ind1=" " ind2="0" tag="651"><subfield code="a">Culbertson (Mont.)</subfield><subfield code="v">Newspapers.</subfield></datafield><datafield ind1=" " ind2="7" tag="655"><subfield code="a">Newspapers.</subfield><subfield code="2">fast</subfield><subfield code="0">(OCoLC)fst01423814</subfield></datafield><datafield ind1=" " ind2="7" tag="651"><subfield code="a">Montana</subfield><subfield code="z">Culbertson.</subfield><subfield code="2">fast</subfield><subfield code="0">(OCoLC)fst01260540</subfield></datafield><datafield ind1=" " ind2=" " tag="752"><subfield code="a">United States</subfield><subfield code="b">Montana</subfield><subfield code="c">Roosevelt</subfield><subfield code="d">Culbertson.</subfield></datafield><datafield ind1="0" ind2="8" tag="776"><subfield code="i">Online version:</subfield><subfield code="t">Searchlight (Culbertson, Mont. : Online)</subfield><subfield code="x">2332-9696</subfield><subfield code="w">(DLC)  2013271999</subfield><subfield code="w">(OCoLC)862979485</subfield></datafield><datafield ind1="0" ind2="5" tag="780"><subfield code="t">Culbertson Republican</subfield><subfield code="g">July 18, 1913</subfield><subfield code="w">(DLC)sn 85053077</subfield><subfield code="w">(OCoLC)11873005</subfield></datafield><datafield ind1="0" ind2="5" tag="780"><subfield code="t">Valley tribune</subfield><subfield code="g">Nov. 11, 1932</subfield><subfield code="w">(DLC)sn 84036024</subfield><subfield code="w">(OCoLC)10385209</subfield></datafield><datafield ind1="0" ind2="5" tag="780"><subfield code="t">Froid tribune</subfield><subfield code="g">June 15, 1950</subfield><subfield code="w">(DLC)sn 85053126</subfield><subfield code="w">(OCoLC)12073258</subfield></datafield><datafield ind1="0" ind2="5" tag="780"><subfield code="t">Big Muddy journal</subfield><subfield code="g">Aug. 28, 1980</subfield><subfield code="w">(DLC)sn 85053128</subfield><subfield code="w">(OCoLC)12073333</subfield></datafield><datafield ind1="4" ind2="1" tag="856"><subfield code="u">http://www.loc.gov/chroniclingamerica/lccn/sn85053089/issues</subfield></datafield></record>